@article{sleator1985maintaining,
  title={Maintaining balance in dynamic search trees},
  author={Sleator, Daniel D and Tarjan, Robert E},
  journal={Journal of the ACM (JACM)},
  volume={32},
  number={3},
  pages={652--675},
  year={1985},
  publisher={ACM New York, NY, USA}
}
